@article{PhysRevE.64.066113,
  title = {Monte Carlo simulation of O(2) ${$\varphi${}}^{4}$ field theory in three dimensions},
  author = {Arnold, Peter and Moore, Guy D.},
  journal = {Phys. Rev. E},
  volume = {64},
  issue = {6},
  pages = {066113},
  numpages = {22},
  year = {2001},
  month = {Nov},
  doi = {10.1103/PhysRevE.64.066113},
  url = {http://link.aps.org/doi/10.1103/PhysRevE.64.066113},
  publisher = {American Physical Society}
}
@article{Preis20094468,
  title = "GPU accelerated Monte Carlo simulation of the 2D and 3D Ising model",
  journal = "Journal of Computational Physics",
  volume = "228",
  number = "12",
  pages = "4468 - 4477",
  year = "2009",
  note = "",
  issn = "0021-9991",
  doi = "10.1016/j.jcp.2009.03.018",
  url = "http://www.sciencedirect.com/science/article/pii/S0021999109001387",
  author = "Tobias Preis and Peter Virnau and Wolfgang Paul and Johannes J. Schneider",
  keywords = "Monte Carlo simulation",
  keywords = "GPU computing",
  keywords = "Ising model",
  keywords = "Phase transition",
  keywords = "Finite size scaling"
}
@article{Demchik2011692,
  title = "Pseudo-random number generators for Monte Carlo simulations on ATI Graphics Processing Units",
  journal = "Computer Physics Communications",
  volume = "182",
  number = "3",
  pages = "692 - 705",
  year = "2011",
  note = "",
  issn = "0010-4655",
  doi = "10.1016/j.cpc.2010.12.008",
  url = "http://www.sciencedirect.com/science/article/pii/S0010465510004868",
  author = "Vadim Demchik",
  keywords = "Numerical calculations",
  keywords = "Monte Carlo",
  keywords = "Programming",
  keywords = "Performance",
  keywords = "GPGPU"
}
@article{Lee:2010:DGV:1816038.1816021,
 author = {Lee, Victor W. and Kim, Changkyu and Chhugani, Jatin and Deisher, Michael and Kim, Daehyun and Nguyen, Anthony D. and Satish, Nadathur and Smelyanskiy, Mikhail and Chennupaty, Srinivas and Hammarlund, Per and Singhal, Ronak and Dubey, Pradeep},
 title = {Debunking the 100X GPU vs. CPU myth: an evaluation of throughput computing on CPU and GPU},
 journal = {SIGARCH Comput. Archit. News},
 issue_date = {June 2010},
 volume = {38},
 number = {3},
 month = jun,
 year = {2010},
 issn = {0163-5964},
 pages = {451--460},
 numpages = {10},
 url = {http://doi.acm.org/10.1145/1816038.1816021},
 doi = {10.1145/1816038.1816021},
 acmid = {1816021},
 publisher = {ACM},
 address = {New York, NY, USA},
 keywords = {cpu architecture, gpu architecture, performance analysis, performance measurement, software optimization, throughput computing},
}
@incollection{howes_thomas07,
  added-at = {2009-09-10T14:36:22.000+0200},
  author = {Howes, Lee and Thomas, David},
  biburl = {http://www.bibsonomy.org/bibtex/28451ba5503e04e042bbc2c431cb5fde1/gregoryy},
  booktitle = {GPU Gems 3},
  chapter = 37,
  editor = {Nguyen, Hubert},
  interhash = {9385b2750b501372f7e023bb71f6fe60},
  intrahash = {8451ba5503e04e042bbc2c431cb5fde1},
  keywords = {imported},
  month = {August},
  publisher = {Addison Wesley},
  timestamp = {2009-09-10T14:36:22.000+0200},
  title = {Efficient Random Number Generation and Application Using {CUDA}},
  year = 2007
}
@article{LEcuyer96,
  added-at = {2011-02-14T00:00:00.000+0100},
  author = {L'Ecuyer, Pierre},
  biburl = {http://www.bibsonomy.org/bibtex/27c24cea146720b0f4853519fbb3f974e/dblp},
  ee = {http://dx.doi.org/10.1090/S0025-5718-96-00696-5},
  interhash = {32637fd89ff452d52065d4a7e13d4f5e},
  intrahash = {7c24cea146720b0f4853519fbb3f974e},
  journal = {Math. Comput.},
  keywords = {dblp},
  number = 213,
  pages = {203-213},
  timestamp = {2011-02-14T00:00:00.000+0100},
  title = {Maximally equidistributed combined Tausworthe generators.},
  url = {http://dblp.uni-trier.de/db/journals/moc/moc65.html#LEcuyer96},
  volume = 65,
  year = 1996
}


